<?xml version="1.0" encoding="UTF-8"?><collection xmlns="http://www.loc.gov/MARC21/slim"><record><leader>00380nam--2200133-i-4500</leader><controlfield tag="001">000008722</controlfield><controlfield tag="002">20161230</controlfield><controlfield tag="005">20161230201027</controlfield><controlfield tag="008">060222s1000------------r-----000-0-eng-d</controlfield><datafield ind1=" " ind2=" " tag="080"><subfield code="a">546</subfield></datafield><datafield ind1=" " ind2=" " tag="100"><subfield code="a">Bloss, Karl Heinrich</subfield></datafield><datafield ind1=" " ind2=" " tag="245"><subfield code="a">Synthesis of same heterociclic compounds of ph osphorus. thesis</subfield></datafield><datafield ind1=" " ind2=" " tag="260"><subfield code="a">Ann Arbour, University Microfilms Inc., 1966. Vi + 65 P</subfield></datafield><datafield ind1=" " ind2=" " tag="852"><subfield code="a">29954</subfield></datafield></record></collection>